@article{Gneiting2005,
  title = {Calibrated {{Probabilistic Forecasting Using Ensemble Model Output Statistics}} and {{Minimum CRPS Estimation}}},
  author = {Gneiting, Tilmann and Raftery, Adrian E. and Westveld, Anton H. and Goldman, Tom},
  year = {2005},
  journal = {Monthly Weather Review},
  volume = {133},
  number = {5},
  pages = {1098--1118},
  doi = {10.1175/MWR2904.1}
}

@article{Jean-Michel2021,
  title = {The {{Copernicus Global}} 1/12{$^\circ$} {{Oceanic}} and {{Sea Ice GLORYS12 Reanalysis}}},
  author = {{Jean-Michel}, Lellouche and Eric, Greiner and Romain, Bourdall{\'e}-Badie and Gilles, Garric and Ang{\'e}lique, Melet and Marie, Dr{\'e}villon and Cl{\'e}ment, Bricaud and Mathieu, Hamon and Olivier, Le Galloudec and Charly, Regnier and Tony, Candela and {Charles-Emmanuel}, Testut and Florent, Gasparin and Giovanni, Ruggiero and Mounir, Benkiran and Yann, Drillet and {Pierre-Yves}, Le Traon},
  year = {2021},
  journal = {Frontiers in Earth Science},
  volume = {9},
  pages = {698876},
  url = {https://www.frontiersin.org/article/10.3389/feart.2021.698876}
}

@article{Messner2014,
  title = {Extending {{Extended Logistic Regression}}: {{Extended}} versus {{Separate}} versus {{Ordered}} versus {{Censored}}},
  author = {Messner, Jakob W. and Mayr, Georg J. and Wilks, Daniel S. and Zeileis, Achim},
  year = {2014},
  doi = {10.1175/MWR-D-13-00355.1},
  chapter = {Monthly Weather Review}
}

@report{Minka2001,
  type = {Tech Report},
  title = {Algorithms for Maximum-Likelihood Logistic Regression},
  author = {Minka, T P},
  year = {2001},
  number = {758},
  institution = {Carnegie Mellon University},
  address = {Carnegie Mellon University, Pittsburgh, PA, USA}
}

@article{Pregibon1981,
  title = {Logistic {{Regression Diagnostics}}},
  author = {Pregibon, Daryl},
  year = {1981},
  date = {1981-07},
  journal = {The Annals of Statistics},
  volume = {9},
  number = {4},
  pages = {705--724},
  doi = {10.1214/aos/1176345513}
}

@article{Wilks2009,
  title = {Extending Logistic Regression to Provide Full-Probability-Distribution {{MOS}} Forecasts},
  author = {Wilks, Daniel S.},
  year = {2009},
  journal = {Meteorological Applications},
  volume = {16},
  number = {3},
  pages = {361--368},
  doi = {10.1002/met.134},
  copyright = {Copyright {\copyright} 2009 Royal Meteorological Society}
}

